@article{scikit-learn,
	title={Scikit-learn: Machine Learning in {P}ython},
	author={Fabian Pedregosa and Ga{{\"e}}l Varoquaux and Alexandre Gramfort and Vincent Michel and Bertrand Thirion and Olivier Grisel and Mathieu Blondel and Peter Prettenhofer and Ron Weiss and Vincent Dubourg and Jake Vanderplas and Alexandre Passos and David Cournapeau and Matthieu Brucher and Matthieu Perrot and {{\'E}}douard Duchesnay},
	journal={J. Mach. Learn. Res.},
	volume={12},
	pages={2825--2830},
	year={2011},
	url={http://jmlr.org/papers/v12/pedregosa11a.html}
}
